@article{xarms08,
  title={{Online optimization in X-armed bandits}},
  author={Szepesvari, C. and Bubeck, S. and Munos, R. and Stoltz, G.},
  year={2008}
}

@conference{kleinberg2008multi,
  title={{Multi-armed bandits in metric spaces}},
  author={Kleinberg, R. and Slivkins, A. and Upfal, E.},
  booktitle={Proceedings of the 40th annual ACM symposium on Theory of computing},
  pages={681--690},
  year={2008},
  organization={ACM New York, NY, USA}
}

@conference{auer1995gambling,
  title={{Gambling in a rigged casino: The adversarial multi-armed bandit problem}},
  author={Auer, P. and Cesa-Bianchi, N. and Freund, Y. and Schapire, R.E.},
  booktitle={ANNUAL SYMPOSIUM ON FOUNDATIONS OF COMPUTER SCIENCE},
  volume={36},
  pages={322--331},
  year={1995},
  organization={IEEE Computer Society Press}
}

@conference{pandey2007multi,
  title={{Multi-armed bandit problems with dependent arms}},
  author={Pandey, S. and Chakrabarti, D. and Agarwal, D.},
  booktitle={Proceedings of the 24th international conference on Machine learning},
  pages={721--728},
  year={2007},
  organization={ACM New York, NY, USA}
}

# introduced the UCB algorithm?
@article{auer2002finite,
  title={{Finite-time analysis of the multiarmed bandit problem}},
  author={Auer, P. and Cesa-Bianchi, N. and Fischer, P.},
  journal={Machine Learning},
  volume={47},
  number={2},
  pages={235--256},
  year={2002},
  publisher={Springer}
}
@TECHREPORT{Hoffmann05acovering,
    author = {JÃ¶rg Hoffmann and Sebastian Kupferschmid},
    title = {A covering problem for hypercubes},
    institution = {},
    year = {2005}
}